@misc{CInWIKI,
	title = {CInWIKI},
    howpublished = {\url{https://www.cin.ufpe.br/~pet/wiki/P%C3%A1gina_principal}},
    note = {Acesso : 25/10/2018}
}

@misc{SiteCadeira,
	title = {Site da Cadeira if 686},
    howpublished = {\url{https://sites.google.com/a/cin.ufpe.br/if686/}},
    note = {Acesso: 25/10/2018}
}

@book{JavaConcurrencyinPractice,
	title = {Java Concurrency in Practice},
    author = {Brian Goetz, Tim Peierls, Joshua Bloch, Joseph Bowbeer, Doug Lea},
    year = {2006},
    publisher = {Addison-Wesley}
}

@book{LearnYouAHaskellForGreatGood,
	title = {Learn You a Haskell For Great Good!},
    author = {Miran Lipovaƒça},
    year = {2011},
    publisher = {William Pollock}
}

@video{AsProximasCincoLinguagensParaVoceAprender,
    author = {Fernando Castor},
    year = {2012},
}

@misc{SiteCadeiraRelacionada1,
	title = {Site da Cadeira if 710},
    howpublished = {\url{http://www.cin.ufpe.br/~if710/}},
    note = {Acesso: 25/10/2018}
}

@misc{SiteCadeiraRelacionada2,
	title = {Site da Cadeira if 710},
    howpublished = {\url{http://www.cin.ufpe.br/~if710/}},
    note = {Acesso: 25/10/2018}
}
